@article{jia2008quaternions,
  title={Quaternions and rotations},
  author={Jia, Yan-Bin},
  journal={Com S},
  volume={477},
  number={577},
  pages={15},
  year={2008}
}
